@misc{Ritchie_Roser_Rosado, title={Pakistan: CO2 Country Profile}, url={https://ourworldindata.org/co2/country/pakistan}, journal={Our World in Data}, author={Ritchie, Hannah and Roser, Max and Rosado, Pablo}, year={2021}, month={May}} 
@article{hussain2019comprehensive,
  title={A comprehensive review of sectorial contribution towards greenhouse gas emissions and progress in carbon capture and storage in Pakistan},
  author={Hussain, Mudassar and Butt, Abdul R and Uzma, Faiza and Ahmed, Rafay and Islam, Tahir and Yousaf, Balal},
  journal={Greenhouse Gases: Science and Technology},
  volume={9},
  number={4},
  pages={617--636},
  year={2019},
  publisher={Wiley Online Library}
}
@article{mir2017sectoral,
  title={Sectoral assessment of greenhouse gas emissions in Pakistan},
  author={Mir, Kaleem Anwar and Purohit, Pallav and Mehmood, Shahbaz},
  journal={Environmental Science and pollution research},
  volume={24},
  pages={27345--27355},
  year={2017},
  publisher={Springer}
}
@misc{Eckstein_K체nzel_Sch채fer_Winges, title={Global climate risk index 2020}, url={https://www.germanwatch.org/en/17307}, journal={Germanwatch e.V.}, author={Eckstein, David and K체nzel, Vera and Sch채fer, Laura and Winges, Maik}} 
@misc{Javaid_2022, title={Pakistan flood losses estimated at $40bn: Ex-finance minister}, url={https://www.aljazeera.com/news/2022/10/7/pakistan-flood-losses-estimated-at-40bn-ex-finance-minister}, journal={Climate Crisis News | Al Jazeera}, publisher={Al Jazeera}, author={Javaid, Osama Bin}, year={2022}, month={Oct}} 
@misc{UNDP_Climate_Promise, url={https://climatepromise.undp.org/what-we-do/where-we-work/pakistan}, journal={UNDP Climate Promise}} 
@misc{US_EPA, url={https://www.epa.gov/climate-indicators/climate-change-indicators-atmospheric-concentrations-greenhouse-gases}, journal={United States Environmental Protection Agency}}
@misc{Lindsey, title={Climate change: Global sea level}, url={https://www.climate.gov/news-features/understanding-climate/climate-change-global-sea-level}, journal={NOAA Climate.gov}, author={Lindsey, Rebecca}} 
@misc{REN21, url={https://www.ren21.net/wp-content/uploads/2019/05/GSR2017_Full-Report_English.pdf}, journal={REN21}} 